1058 1908
111 232 776 51 15. Bundesschwur der Vier- Waldstätte mit

232 273 760 52 Zürich im Jahr 1351. . . . . . 700.

112 314 774 50 16. Versöhnungsscene der todtseindlich gesinn-

232 356 654 49 ten Schultheissen von Bern, Nägeli u.

230 394 759 54 Steiger im Jahre 1566. . . . 460.

152 593 802 55 Bühlmann, J. R., von hemberg. (In Rom.)

112 648 619 53 17. Der Golf von Baja, bei Neapel.

267 726 574 54 Deschwanden, Paul, in Stanz.

119 785 875 48 18 Der Fall per Engel. . . . .  800

364 853 380 53 Duntze, J., in Genf.

117 907 875 53 19. Sonnenuntergang am Genfersee. . . 250.

111 954 884 44 20. Das Well- und Wetterhorn. . . . . 250.

357 1019 387 54 Dietler, F., in Bern.

109 1074 883 50 21. Kindergruppe (Aquarell). . . . . 500.

111 1119 878 46 22 Thierstuck id. . . . 300

112 1184 686 48 Dubois, Charles, in Genf.

112 1237 883 52 23. Schleichhändler :. . . . . . . . 650.

291 1302 529 57 Eberhardt, T., in München.

112 1361 774 60 24. Abscheid der Neuvermählten aus dem elter-

235 1407 760 52 lichen Hause. . . . . . . . 1060.

289 1472 531 52 Eberle, Robert, in München.

111 1524 884 53 25. Der Abend auf ber Weide. . . . . 396.

112 1569 783 55 26. Morgen. Aufbruch der Geissen aus einem.

235 1607 759 62 schwäbischen Dorfe . . . . . . 318.

335 1672 438 61 Fries, Anna, in Zürich.

116 1734 878 69 27. Sonnineserin am Brunnen. . . . . 380,
