1133 1930
331 257 488 48 Müller, M., in München.

136 316 776 55 76. Der Schullehrer, einem Klubb Politiker die

291 361 726 52 Zeitung vorlesend. . . . . . 280.

357 435 452 55 Müller, Rud., in Basel.

133 496 887 60 77. Wasserfall an ber Birs, im Münsterthal . 700.

133 542 885 56 78. Baumparthie an der Wiese, bei Basel . . 150.

130 591 887 41 79. " " " " " . . 150.

460 659 232 50 Prevost, J.

128 720 889 52 80. Bei Brunnen, am Vierwaldstättersee. . 350.

127 765 888 47 81. Ansicht bei Noville, Kanton Waadt. . 250.

125 804 888 48 82. Brücke St. Benezet in Avignon. . . . 300.

127 844 888 51 83. Die Mythen, vom Lauerzersee aus. . . 200.

127 887 888 47 84. Felten von Flüelen . . . . . . . 300.

309 958 537 63 Rapp, J. Rudolph, in Basel.

123 1022 890 50 85. Landschaft, in Pastell. 40.

123 1064 890 47 86 Eine Baumstudie, " " 40.

123 1106 890 48 87. Gegend aus Seelisberg " " 60.

127 1149 886 42 88. Waldparthie " " 60.

123 1185 890 46 89. Im Schächenthat. . . . . . . . 180.

263 1256 618 54 Rietmann, J. J., in St. Gallen.

125 1320 887 51 90. Fideris, im Kanton Graubündten. . . 86.

123 1365 889 47 94 In St. Josephen, bei St. Gallen. . . 80.

123 1404 887 48 92 Forsteck bei Sennwald. Bleistiftzeichnung . 19.

286 1449 391 43 (ohne Rahmen 13 Fr.)

123 1489 887 51 93. Vorburg, bei St. Margareten. ditto. 19.

123 1532 886 48 94. Wicken, bei Rorschach. ditto. 19.

123 1572 884 57 95. Färberei, in St. Gallen. ditto. 19.

164 1645 751 55 Rietmann, Joh., Graveur, in St. Gallen.

123 1711 781 50 96. Cadre mit Joyaux des Alpes, 9 Stücke

284 1754 725 69 (1 in Gold gefasst). . . . . . 220.
