1135 1914
154 236 885 59 28. Das Morgengebet. . . . . . . 360.

159 282 880 59 29. Römisches Pomeranzen-Mädchen. . . 290.

368 347 463 62 George, H. P., in Genf.

156 403 774 62 30. Schloss Wufflens, in der Nähe des Gen-

277 456 767 41 fersee's. . . . . . . . . . 400.

317 513 554 61 Geher, Professor in Augsburg.

154 575 888 45 31. Ein Zecher. . . . . . . . . . 117.

327 638 536 59 Geher, Minna, in Augsburg.

151 698 881 50 32. Ein Still-Leben. . . . . . . . 53.

328 765 538 59 Herdtle, Herm., in Stuttgart.

151 821 888 51 33. Der Sonnenfels, bei Urach. . . . . 120.

153 866 884 47 34. Das Fischbergthal, id. . . . . . 120.

365 929 463 53 Horner, Fried., in Basel.

153 988 776 50 35. Aus der Umgebunq von Palermo, gegen

276 1027 761 52 den Monte Pelegrino (Aquarell). . 400.

363 1098 460 55 Jonas, Rud., in Danzig.

1 1151 926 70 36. Parthie aus dem Innthale mit dem heu-

272 1197 762 47 berg und Grenzhorn. . . . . . 315.

328 1260 537 59 Isenring, B., in St. Gallen.

150 1320 777 58 37. Die Nasön-Mühle an der Tamina bei Pfä-

272 1370 757 52 fers (Aquarell). . . . . . . 390.

151 1405 509 59 38. Bildniss. (Photographie.)

148 1451 381 46 39. id. id.

150 1491 356 56 40. Daguerreotypen.

314 1555 563 54 Kaltenmoser, G., in München.

150 1612 886 54 41. Wirthshausscene, aus dem Tyrol.  . 420.

153 1661 772 56 42. Das Brautpaar beim Pfarrer (im Schwarz-

274 1708 763 43 walb). . . . . . . . . . 350.

153 1743 878 52 43. Familienscene aus Istrien .... . 280
