1105 1908
140 394 789 55 (Gemälde, bei denen nichts Besonderes bemerkt ist, find

442 442 188 49 Oelgemälde.)

186 516 702 64 Adam, Albrecht, Hofmaler in München.

113 572 863 71 1. Pferde auf ber Weise. . . . . . . 466.

267 645 530 54 Bärmann, H., in Augsburg.

109 696 865 64 2. Scene aus dem Tyroler Freiheitskampfe. 102.

300 767 467 64 Bion, G., in St. Gallen.

109 820 865 54 3. Der Titlis in Unterwalden. . . . . 180.

111 864 863 50 4. Im Schwendethal (Appenzell I. R.) . . 180.

111 907 861 53 5. Schifflänbe beim Schachenbad, bei Lindau 170.

113 947 851 54 6. In Ragaz, gegen den Gonzen. . . . 86

114 987 620 48 7. Der Wallenstatter-See (Morgen).

109 1027 652 51 8. Ditto, bei Heranziehendem Gewitter.

283 1093 500 53 Bürkel, Carl, in München.

108 1149 855 53 9 Der heimkehrende Bauer . . . . . 148

203 1216 655 59 Buff,  S., von Wald. (In München.)

92 1270 228 56 10. Bildniss.

302 1321 459 60 Baade, K., in München.

90 1381 774 69 11. Mondnacht mit einem norwegischen Looths-

211 1437 763 38 boot. . . . . . . . . . . 424.

92 1467 772 64 12. Küftenparthie aus Norwegen mit der Insel

213 1515 759 43 Träna . . . . . . . . . . 318.

291 1570 481 58 Büttler, Anton, in Luzern.

90 1624 774 56 13. Der alte blinbe Melchthal bei der Nachricht.

213 1672 755 48 der wieder errungenen Freiheit. . . 280.

93 1712 766 54 14. Stauffacher's Unterredung mit seiner Ftau

211 1750 757 70 über die Rettung des Landes. . . 280
