1150 1960
375 261 402 57 Kaselitz, A., in Chur.

135 321 885 54 44. Fifscherhütte an der Ostsee. . . . . 121.

132 367 887 57 45. Strand bei Bergen, Norwegen. . . 121.

186 441 782 65 Keel, Dilettant in St. Fiden, bei St. Gallen.

132 507 683 63 46. Am Genfersee, Copie nach Didam.

289 592 580 62 Klarer, Jos. Ant., in München.

130 659 887 61 47. Schnitzarbeit in holz. . . . . . . 85.

325 736 511 59 Klein, J. Ad., in München.

133 801 887 54 48. Stall mit Fuhrmannspferden. . . . 318.

133 847 887 48 49. Römische Fuhrwerk. . . . . . . 233.

135 888 781 56 50. Ueberfahrt der Schiffszugpferde bei Ober-

258 932 764 52 audorf am Inn. . . . . . . 233.

347 1001 463 59 Koch, Jos., in München.

135 1063 889 55 51. Postpferde vor dem Wirthshause. . . 187.

359 1131 444 58 Lieske, C., in Münich.

135 1190 990 62 52. Landschaft mit Staffage. . . . . .147

398 1270 366 53 Lugaron in Genf.

135 1326 784 65 53. Arnold von Melchthal schlagt den Knecht

261 1378 763 46 Landenbergs. . . . . . . . 641.

135 1412 889 49 54. Der Gefangene in Chillon . . . . . 217.

135 1456 889 54 55. Erinnerung und Hoffnung am Grabe. . 303.

274 1522 619 52 Luttringhausen, J. H., in Basel.

135 1581 887 53 56. Der Reussfall bei Göschenen, in Uri . . 70.

135 1626 885 59 57. Das Schloss Aarburg, vor dem Brand . 50

392 1690 382 57 Marr, in München.

99 1754 920 70 . 58. Die Heimkehr mit dem Nussknacker. . 327.
